@article{abadie2006large,
  title={Large sample properties of matching estimators for average treatment effects},
  author={Abadie, Alberto and Imbens, Guido W},
  journal={Econometrica},
  volume={74},
  number={1},
  pages={235--267},
  year={2006},
  publisher={Wiley Online Library}
}

@article{abadie2008failure,
  title={On the failure of the bootstrap for matching estimators},
  author={Abadie, Alberto and Imbens, Guido W},
  journal={Econometrica},
  volume={76},
  number={6},
  pages={1537--1557},
  year={2008},
  publisher={Wiley Online Library}
}

@article{abadie2016matching,
  title={Matching on the estimated propensity score},
  author={Abadie, Alberto and Imbens, Guido W},
  journal={Econometrica},
  volume={84},
  number={2},
  pages={781--807},
  year={2016},
  publisher={Wiley Online Library}
}

@article{adelson2012examining,
  title={Examining the effects of gifted programming in mathematics and reading using the ECLS-K},
  author={Adelson, Jill L and McCoach, D Betsy and Gavin, M Katherine},
  journal={Gifted Child Quarterly},
  pages={0016986211431487},
  year={2012},
  publisher={SAGE Publications}
}

@article{austin2011introduction,
  title={An introduction to propensity score methods for reducing the effects of confounding in observational studies},
  author={Austin, Peter C},
  journal={Multivariate behavioral research},
  volume={46},
  number={3},
  pages={399--424},
  year={2011},
  publisher={Taylor \& Francis}
}

@article{austin2016propensity,
  title={Propensity score matching and complex surveys},
  author={Austin, Peter C and Jembere, Nathaniel and Chiu, Maria},
  journal={Statistical Methods in Medical Research},
  pages={10.1177/0962280216658920},
  year={2016},
  publisher={SAGE Publications}
}

@article{bang2005doubly,
  title={Doubly robust estimation in missing data and causal inference models},
  author={Bang, Heejung and Robins, James M},
  journal={Biometrics},
  volume={61},
  number={4},
  pages={962--973},
  year={2005},
  publisher={Wiley Online Library}
}

@article{bennett2009african,
  title={How African American is the net black advantage? Differences in college attendance among immigrant blacks, native blacks, and whites},
  author={Bennett, Pamela R and Lutz, Amy},
  journal={Sociology of Education},
  volume={82},
  number={1},
  pages={70--100},
  year={2009},
  publisher={SAGE Publications}
}

@article{brunell2004propensity,
  title={A propensity score reweighting approach to estimating the partisan effects of full turnout in {A}merican presidential elections},
  author={Brunell, Thomas L and DiNardo, John},
  journal={Political Analysis},
  volume={12},
  number={1},
  pages={28--45},
  year={2004},
  publisher={SPM-PMSAPSA}
}

@article{carbonaro2006public,
  title={Public-Private Differences in Achievement among Kindergarten Students: Differences in Learning Opportunities and Student Outcomes},
  author={Carbonaro, William},
  journal={American Journal of Education},
  volume={113},
  number={1},
  pages={31--65},
  year={2006},
  publisher={JSTOR}
}

@article{carbonaro2010school,
  title={School sector and student achievement in the era of standards based reforms},
  author={Carbonaro, William and Covay, Elizabeth},
  journal={Sociology of Education},
  volume={83},
  number={2},
  pages={160--182},
  year={2010},
  publisher={SAGE Publications}
}

@article{condron2008early,
  title={An early start: Skill grouping and unequal reading gains in the elementary years},
  author={Condron, Dennis J},
  journal={The Sociological Quarterly},
  volume={49},
  number={2},
  pages={363--394},
  year={2008},
  publisher={Wiley Online Library}
}

@article{cochran1977sampling,
  title={Sampling techniques. 1977},
  author={Cochran, William G},
  journal={New York: John Wiley and Sons},
  year={1977}
}

@article{crosnoe2005double,
  title={Double disadvantage or signs of resilience? The elementary school contexts of children from Mexican immigrant families},
  author={Crosnoe, Robert},
  journal={American Educational Research Journal},
  volume={42},
  number={2},
  pages={269--303},
  year={2005},
  publisher={Sage Publications}
}

  @Manual{dahl2016,
    title = {xtable: Export Tables to LaTeX or HTML},
    author = {David B. Dahl},
    year = {2016},
    note = {R package version 1.8-2},
    url = {https://CRAN.R-project.org/package=xtable},
  }

  @Manual{dowle2015datatable,
    title = {data.table: Extension of Data.frame},
    author = {M Dowle and A Srinivasan and T Short and S Lianoglou with contributions from R Saporta and E Antonyan},
    year = {2015},
    note = {R package version 1.9.6},
    url = {https://CRAN.R-project.org/package=data.table},
  }
  
  @article{drake1993effects,
  title={Effects of misspecification of the propensity score on estimators of treatment effect},
  author={Drake, Christiana},
  journal={Biometrics},
  pages={1231--1236},
  year={1993},
  publisher={JSTOR},
  volume={49},
  number={4}
}

@article{dugoff2014generalizing,
  title={Generalizing observational study results: applying propensity score methods to complex surveys},
  author={DuGoff, Eva H and Schuler, Megan and Stuart, Elizabeth A},
  journal={Health services research},
  volume={49},
  number={1},
  pages={284--303},
  year={2014},
  publisher={Wiley Online Library}
}

@article{frolich2004finite,
  title={Finite-sample properties of propensity-score matching and weighting estimators},
  author={Fr{\"o}lich, Markus},
  journal={Review of Economics and Statistics},
  volume={86},
  number={1},
  pages={77--90},
  year={2004},
  publisher={MIT Press}
}

@article{frolich2007propensity,
  title={Propensity score matching without conditional independence assumption—with an application to the gender wage gap in the United Kingdom},
  author={Fr{\"o}lich, Markus},
  journal={The Econometrics Journal},
  volume={10},
  number={2},
  pages={359--407},
  year={2007},
  publisher={Wiley Online Library}
}

@article{funk2011doubly,
  title={Doubly robust estimation of causal effects},
  author={Funk, Michele Jonsson and Westreich, Daniel and Wiesen, Chris and St{\"u}rmer, Til and Brookhart, M Alan and Davidian, Marie},
  journal={American journal of epidemiology},
  volume={173},
  number={7},
  pages={761--767},
  year={2011},
  publisher={Oxford Univ Press}
}

@article{gelman2007struggles,
  title={Struggles with survey weighting and regression modeling},
  author={Gelman, Andrew},
  journal={Statistical Science},
  pages={153--164},
  year={2007},
  publisher={JSTOR},
  volume={22},
  number={2}
}

@article{green2014examining,
  title={Examining moderation analyses in propensity score methods: Application to depression and substance use.},
  author={Green, Kerry M and Stuart, Elizabeth A},
  journal={Journal of consulting and clinical psychology},
  volume={82},
  number={5},
  pages={773},
  year={2014},
  publisher={American Psychological Association}
}

@book{groves2009survey,
  title={Survey Methodology},
  author={Groves, Robert M and Fowler Jr, Floyd J and Couper, Mick P and Lepkowski, James M and Singer, Eleanor and Tourangeau, Roger},
  volume={561},
  year={2009},
  publisher={John Wiley \& Sons}
}

@article{grau2006nonresponse,
  title={Nonresponse adjustment using logistic regression: To weight or not to weight},
  author={Grau, Eric and Potter, Frank and Williams, Steve and Diaz-Tena, Nuria},
  journal={American Statistical Association, Survey Research Methods Section. Alexandria},
  pages={3073--3080},
  year={2006}
}


@article{hallberg2011role,
  title={The Role of Pretest and Proxy-Pretest Measures of the Outcome for Removing Selection Bias in Observational Studies.},
  author={Hallberg, Kelly and Steiner, Peter M and Cook, Thomas D},
  journal={Society for Research on Educational Effectiveness},
  year={2011},
  publisher={ERIC}
}

@article{hahn1998role,
  title={On the role of the propensity score in efficient semiparametric estimation of average treatment effects},
  author={Hahn, Jinyong},
  journal={Econometrica},
  pages={315--331},
  year={1998},
  publisher={JSTOR}
}

@article{hansen1983evaluation,
  title={An evaluation of model-dependent and probability-sampling inferences in sample surveys},
  author={Hansen, Morris H and Madow, William G and Tepping, Benjamin J},
  journal={Journal of the American Statistical Association},
  volume={78},
  number={384},
  pages={776--793},
  year={1983},
  publisher={Taylor \& Francis Group}
}

@article{hahs2006estimating,
  title={Estimating and using propensity score analysis with complex samples},
  author={Hahs-Vaughn, Debbie L and Onwuegbuzie, Anthony J},
  journal={The Journal of Experimental Education},
  volume={75},
  number={1},
  pages={31--65},
  year={2006},
  publisher={Taylor \& Francis}
}

@article{heckman2009note,
  title={A note on adapting propensity score matching and selection models to choice based samples},
  author={Heckman, James J and Todd, Petra E},
  journal={The Econometrics Journal},
  volume={12},
  number={s1},
  pages={S230--S234},
  year={2009},
  publisher={Wiley Online Library}
}

@book{hernan2017causal,
  title={Causal Inference},
  author={Hernan, Miguel A and Robins, James M.},
    year={2017},
  publisher={Boca Raton: Chapman \& Hall/CRC. Forthcoming},
}

  @Article{ho2011matchit,
    title = {{MatchIt}: Nonparametric Preprocessing for Parametric
      Causal Inference},
    author = {Daniel E. Ho and Kosuke Imai and Gary King and Elizabeth
      A. Stuart},
    journal = {Journal of Statistical Software},
    year = {2011},
    volume = {42},
    number = {8},
    pages = {1--28},
    url = {http://www.jstatsoft.org/v42/i08/},
  }

@article{hong2005effects,
  title={Effects of kindergarten retention policy on children’s cognitive growth in reading and mathematics},
  author={Hong, Guanglei and Raudenbush, Stephen W},
  journal={Educational Evaluation and Policy Analysis},
  volume={27},
  number={3},
  pages={205--224},
  year={2005},
  publisher={Sage Publications}
}
@article{joffe2004model,
  title={Model selection, confounder control, and marginal structural models: review and new applications},
  author={Joffe, Marshall M and Ten Have, Thomas R and Feldman, Harold I and Kimmel, Stephen E},
  journal={The American Statistician},
  volume={58},
  number={4},
  pages={272--279},
  year={2004},
  publisher={Taylor \& Francis}
}

@article{imai2014covariate,
  title={Covariate balancing propensity score},
  author={Imai, Kosuke and Ratkovic, Marc},
  journal={Journal of the Royal Statistical Society: Series B},
  volume={76},
  number={1},
  pages={243--263},
  year={2014},
  publisher={Wiley Online Library}
}

@article{imbens2004nonparametric,
  title={Nonparametric estimation of average treatment effects under exogeneity: A review},
  author={Imbens, Guido W},
  journal={Review of Economics and statistics},
  volume={86},
  number={1},
  pages={4--29},
  year={2004},
  publisher={MIT Press}
}

@article{keller2016propensity,
  title={Propensity Score Analysis in {R}: {A} Software Review},
  author={Keller, Bryan and Tipton, Elizabeth},
  journal={Journal of Educational and Behavioral Statistics},
  volume={41},
  number={3},
  pages={326--348},
  year={2016},
  publisher={SAGE Publications}
}

@article{korenman2013child,
  title={The Child and Adult Care Food Program and the nutrition of preschoolers},
  author={Korenman, Sanders and Abner, Kristin S and Kaestner, Robert and Gordon, Rachel A},
  journal={Early childhood research quarterly},
  volume={28},
  number={2},
  pages={325--336},
  year={2013},
  publisher={Elsevier}
}

@article{korn1995examples,
  title={Examples of differing weighted and unweighted estimates from a sample survey},
  author={Korn, Edward L and Graubard, Barry I},
  journal={The American Statistician},
  volume={49},
  number={3},
  pages={291--295},
  year={1995},
  publisher={Taylor \& Francis Group}
}

@article{korn1995analysis,
  title={Analysis of large health surveys: Accounting for the sampling design},
  author={Korn, Edward L and Graubard, Barry I},
  journal={Journal of the Royal Statistical Society. Series A},
  pages={263--295},
  year={1995},
  publisher={JSTOR},
  volume={158},
  number={2}
}

@article{lee2011weight,
  title={Weight trimming and propensity score weighting},
  author={Lee, Brian K and Lessler, Justin and Stuart, Elizabeth A},
  journal={PLOS ONE},
  volume={6},
  number={3},
  pages={e18174},
  year={2011},
  publisher={Public Library of Science}
}

@article{lenis2017iab,
  title={It's all About Balance: Propensity Score Matching in the Context of Complex Survey Data},
  author={Lenis, David and Nguyen, Trang Q. and Dong, Niambo and Stuart, Elizabeth A},
  journal={Under Review},
  volume={},
  number={},
  pages={},
  year={2017},
  publisher={}
}

@article{lincove2006does,
  title={Does the age that children start kindergarten matter? Evidence of long-term educational and social outcomes},
  author={Lincove, Jane Arnold and Painter, Gary},
  journal={Educational Evaluation and Policy Analysis},
  volume={28},
  number={2},
  pages={153--179},
  year={2006},
  publisher={Sage Publications}
}

@article{little1989analysis,
  title={The analysis of social science data with missing values},
  author={Little, Roderick JA and Rubin, Donald B},
  journal={Sociological Methods \& Research},
  volume={18},
  number={2-3},
  pages={292--326},
  year={1989},
  publisher={Sage Publications}
}

@incollection{little2003bayesian,
  title={The {B}ayesian approach to sample survey inference},
  author={Little, Roderick JA},
  booktitle={Analysis of Survey Data},
  pages={49--57},
  year={2003},
  publisher={John Wiley \& Sons, Ltd}
}

@article{little2003weighting,
  title={On weighting the rates in non-response weights},
  author={Little, Roderick J and Vartivarian, Sonya},
  journal={Statistics in medicine},
  volume={22},
  number={9},
  pages={1589--1599},
  year={2003},
  publisher={Wiley Online Library}
}

  @Misc{lumley2015survey,
    author = {Thomas Lumley},
    year = {2016},
    title = {survey: analysis of complex survey samples},
    note = {R package version 3.31},
  }

@article{mccaffrey2004propensity,
  title={Propensity score estimation with boosted regression for evaluating causal effects in observational studies.},
  author={McCaffrey, Daniel F and Ridgeway, Greg and Morral, Andrew R},
  journal={Psychological Methods},
  volume={9},
  number={4},
  pages={403-425},
  year={2004},
  publisher={American Psychological Association}
}


@article{morgan2008propensity,
  title={A propensity score matching analysis of the effects of special education services},
  author={Morgan, Paul L and Frisco, Michelle L and Farkas, George and Hibel, Jacob},
  journal={The Journal of Special Education},
  year={2008},
  publisher={Sage Publications}
}

@article{morgan2010impact,
  title={The impact of nutrition education with and without a school garden on knowledge, vegetable intake and preferences and quality of school life among primary-school students},
  author={Morgan, Philip J and Warren, Janet M and Lubans, David R and Saunders, Kristen L and Quick, Garbrielle I and Collins, Clare E and others},
  journal={Public health nutrition},
  volume={13},
  number={11},
  pages={1931},
  year={2010},
  publisher={Cambridge Univ Press}
}

@inproceedings{potter2006application,
  title={An application of propensity modeling: Comparing unweighted and weighted logistic regression models for nonresponse adjustments},
  author={Potter, Frank and Grau, Eric and Williams, Stephen and Diaz-Tena, Nuria and Carlson, Barbara Lepidus},
  booktitle={Proceedings of the Survey Research Methods Section. American Statistical Association},
  year={2006}
}

@article{reardon2009effect,
  title={The effect of {C}atholic schooling on math and reading development in kindergarten through fifth grade},
  author={Reardon, Sean F and Cheadle, Jacob E and Robinson, Joseph P},
  journal={Journal of Research on Educational Effectiveness},
  volume={2},
  number={1},
  pages={45--87},
  year={2009},
  publisher={Taylor \& Francis}
}

@article{ridgeway2015propensity,
  title={Propensity Score Analysis with Survey Weighted Data},
  author={Ridgeway, Greg and Kovalchik, Stephanie Ann and Griffin, Beth Ann and Kabeto, Mohammed U},
  journal={Journal of Causal Inference},
  volume={3},
  number={2},
  pages={237--249},
  year={2015}
}

@article{rosenbaum1983central,
  title={The central role of the propensity score in observational studies for causal effects},
  author={Rosenbaum, Paul R and Rubin, Donald B},
  journal={Biometrika},
  volume={70},
  number={1},
  pages={41--55},
  year={1983},
  publisher={Biometrika Trust}
}F

@article{rosenbaum1985constructing,
  title={Constructing a control group using multivariate matched sampling methods that incorporate the propensity score},
  author={Rosenbaum, Paul R and Rubin, Donald B},
  journal={The American Statistician},
  volume={39},
  number={1},
  pages={33--38},
  year={1985},
  publisher={Taylor \& Francis Group}
}

@article{rotnitzky1998semiparametric,
  title={Semiparametric regression for repeated outcomes with nonignorable nonresponse},
  author={Rotnitzky, Andrea and Robins, James M and Scharfstein, Daniel O},
  journal={Journal of the American Statistical Association},
  volume={93},
  number={444},
  pages={1321--1339},
  year={1998},
  publisher={Taylor \& Francis}
}

@article{robins1994estimation,
  title={Estimation of regression coefficients when some regressors are not always observed},
  author={Robins, James M and Rotnitzky, Andrea and Zhao, Lue Ping},
  journal={Journal of the American statistical Association},
  volume={89},
  number={427},
  pages={846--866},
  year={1994},
  publisher={Taylor \& Francis Group}
}

@article{robins2007comment,
  title={Comment: Performance of double-robust estimators when "inverse probability" weights are highly variable},
  author={Robins, James and Sued, Mariela and Lei-Gomez, Quanhong and Rotnitzky, Andrea},
  journal={Statistical Science},
  volume={22},
  number={4},
  pages={544--559},
  year={2007},
  publisher={JSTOR}
}

@article{rubin1973matching,
  title={Matching to remove bias in observational studies},
  author={Rubin, Donald B},
  journal={Biometrics},
  pages={159--183},
  year={1973},
  publisher={JSTOR},
  volume={29},
  number={1}
}

@article{rubin1974estimating,
  title={Estimating causal effects of treatments in randomized and nonrandomized studies.},
  author={Rubin, Donald B},
  journal={Journal of Educational Psychology},
  volume={66},
  number={5},
  pages={688},
  year={1974},
  publisher={American Psychological Association}
}

@article{rubin2001using,
  title={Using propensity scores to help design observational studies: application to the tobacco litigation},
  author={Rubin, Donald B},
  journal={Health Services and Outcomes Research Methodology},
  volume={2},
  number={3-4},
  pages={169--188},
  year={2001},
  publisher={Springer}
}



  @Manual{rstudio2015rstudio,
    title = {RStudio: Integrated Development Environment for R},
    author = {{RStudio Team}},
    organization = {RStudio, Inc.},
    address = {Boston, MA},
    year = {2015},
    url = {http://www.rstudio.com/},
  }

@article{scharfstein1999adjusting,
  title={Adjusting for nonignorable drop-out using semiparametric nonresponse models},
  author={Scharfstein, Daniel O and Rotnitzky, Andrea and Robins, James M},
  journal={Journal of the American Statistical Association},
  volume={94},
  number={448},
  pages={1096--1120},
  year={1999},
  publisher={Taylor \& Francis}
}

@article{schonlau2004comparison,
  title={A comparison between responses from a propensity-weighted web survey and an identical RDD survey},
  author={Schonlau, Matthias and Zapert, Kinga and Simon, Lisa Payne and Sanstad, Katherine Haynes and Marcus, Sue M and Adams, John and Spranca, Mark and Kan, Hongjun and Turner, Rachel and Berry, Sandra H},
  journal={Social Science Computer Review},
  volume={22},
  number={1},
  pages={128--138},
  year={2004},
  publisher={Sage Publications}
}

@article{stuart2010matching,
  title={Matching methods for causal inference: A review and a look forward},
  author={Stuart, Elizabeth A},
  journal={Statistical science: a review journal of the Institute of Mathematical Statistics},
  volume={25},
  number={1},
  pages={1},
  year={2010},
  publisher={NIH Public Access}
}

@article{stuart2013prognostic,
  title={Prognostic score--based balance measures can be a useful diagnostic for propensity score methods in comparative effectiveness research},
  author={Stuart, Elizabeth A and Lee, Brian K and Leacy, Finbarr P},
  journal={Journal of clinical epidemiology},
  volume={66},
  number={8},
  pages={S84--S90},
  year={2013},
  publisher={Elsevier}
}

@article{tourangeau2009early,
  title={Early Childhood Longitudinal Study, Kindergarten Class of 1998-99 ({ECLS-K}): Combined User's Manual for the {ECLS-K} Eighth-Grade and {K}-8 Full Sample Data Files and Electronic Codebooks. {NCES} 2009-004.},
  author={Tourangeau, Karen and Nord, Christine and L{\^e}, Thanh and Sorongon, Alberto G and Najarian, Michelle},
  journal={National Center for Education Statistics},
  year={2009},
  publisher={ERIC}
}

@misc{ECLS,
    author = {{National Center for Education Statistics}},
    title = {Early Childhood Longitudinal Study [{U}nited {S}tates]: Kindergarten Class of 1998-1999, Kindergarten--Eighth Grade Full Sample. {ICPSR28023-v1}. {Ann Arbor, MI: Inter-university Consortium for Political and Social Research [distributor]}},
    howpublished = {\url{http://doi.org/10.3886/ICPSR28023.v1http://doi.org/10.3886/ICPSR28023.v1}},
    year={2011},
}

  @Book{wickham2009ggplot2,
    author = {Hadley Wickham},
    title = {ggplot2: Elegant Graphics for Data Analysis},
    publisher = {Springer-Verlag New York},
    year = {2009},
    isbn = {978-0-387-98140-6},
    url = {http://ggplot2.org},
  }


@article{wyse2008assessing,
  title={Assessing the effects of small school size on mathematics achievement: A propensity score-matching approach},
  author={Wyse, Adam E and Keesler, Venessa and Schneider, Barbara},
  journal={Teachers College Record},
  volume={110},
  number={9},
  pages={1879--1900},
  year={2008},
  publisher={Teachers College, Columbia University. PO Box 103, 525 West 120th Street, New York, NY 10027}
}

@article{zanutto2005using,
  title={Using propensity score subclassification for multiple treatment doses to evaluate a national antidrug media campaign},
  author={Zanutto, Elaine and Lu, Bo and Hornik, Robert},
  journal={Journal of Educational and Behavioral Statistics},
  volume={30},
  number={1},
  pages={59--73},
  year={2005},
  publisher={Sage Publications}
}

@article{zanutto2006comparison,
  title={A comparison of propensity score and linear regression analysis of complex survey data},
  author={Zanutto, Elaine L},
  journal={Journal of Data Science},
  volume={4},
  number={1},
  pages={67--91},
  year={2006},
  publisher={中華資料採礦協會}
}

  @Manual{yves2015,
    title = {sampling: Survey Sampling},
    author = {Yves Tillé and Alina Matei},
    year = {2015},
    note = {R package version 2.7},
    url = {https://CRAN.R-project.org/package=sampling},
  }

@article{rubin1973use,
  title={The use of matched sampling and regression adjustment to remove bias in observational studies},
  author={Rubin, Donald B},
  journal={Biometrics},
  pages={185--203},
  year={1973},
  publisher={JSTOR},
  volume={29},
  number={1}
}

@article{rubin1973matching,
  title={Matching to remove bias in observational studies},
  author={Rubin, Donald B},
  journal={Biometrics},
  pages={159--183},
  year={1973},
  publisher={JSTOR}
}

@article{rubin1979using,
  title={Using multivariate matched sampling and regression adjustment to control bias in observational studies},
  author={Rubin, Donald B},
  journal={Journal of the American Statistical Association},
  volume={74},
  number={366a},
  pages={318--328},
  year={1979},
  publisher={Taylor \& Francis}
}

@article{cochran1973controlling,
  title={Controlling bias in observational studies: A review},
  author={Cochran, William G and Rubin, Donald B},
  journal={Sankhy{\=a}: The Indian Journal of Statistics, Series A},
  pages={417--446},
  year={1973},
  publisher={JSTOR},
  volume={35},
  number={4}
}

@article{rosenbaum1984reducing,
  title={Reducing bias in observational studies using subclassification on the propensity score},
  author={Rosenbaum, Paul R and Rubin, Donald B},
  journal={Journal of the American Statistical Association},
  volume={79},
  number={387},
  pages={516--524},
  year={1984},
  publisher={Taylor \& Francis Group}
}

@article{rubin2000combining,
  title={Combining propensity score matching with additional adjustments for prognostic covariates},
  author={Rubin, Donald B and Thomas, Neal},
  journal={Journal of the American Statistical Association},
  volume={95},
  number={450},
  pages={573--585},
  year={2000},
  publisher={Taylor \& Francis Group}
}

@article{imai2004causal,
  title={Causal inference with general treatment regimes: Generalizing the propensity score},
  author={Imai, Kosuke and Van Dyk, David A},
  journal={Journal of the American Statistical Association},
  volume={99},
  number={467},
  pages={854--866},
  year={2004},
  publisher={Taylor \& Francis}
}

@article{ho2007matching,
  title={Matching as nonparametric preprocessing for reducing model dependence in parametric causal inference},
  author={Ho, Daniel E and Imai, Kosuke and King, Gary and Stuart, Elizabeth A},
  journal={Political analysis},
  volume={15},
  number={3},
  pages={199--236},
  year={2007},
  publisher={SPM-PMSAPSA}
}

@article{rubin1980randomization,
  title={Randomization analysis of experimental data: The Fisher randomization test comment},
  author={Rubin, Donald B},
  journal={Journal of the American Statistical Association},
  volume={75},
  number={371},
  pages={591--593},
  year={1980},
  publisher={JSTOR}
}

@article{harder2010propensity,
  title={Propensity score techniques and the assessment of measured covariate balance to test causal associations in psychological research.},
  author={Harder, Valerie S and Stuart, Elizabeth A and Anthony, James C},
  journal={Psychological methods},
  volume={15},
  number={3},
  pages={234},
  year={2010},
  publisher={American Psychological Association}
}

@misc{robins2000marginal,
  title={Marginal structural models and causal inference in epidemiology},
  author={Robins, James M and Hernan, Miguel Angel and Brumback, Babette},
  year={2000},
  publisher={LWW}
}

@article{kang2007demystifying,
  title={Demystifying double robustness: A comparison of alternative strategies for estimating a population mean from incomplete data},
  author={Kang, Joseph DY and Schafer, Joseph L},
  journal={Statistical science},
  pages={523--539},
  year={2007},
  publisher={JSTOR}
}

  @Misc{lumley2016survey,
    author = {Thomas Lumley},
    year = {2016},
    title = {survey: analysis of complex survey samples},
    note = {R package version 3.32},
  }
  @Article{lumley2004survey,
    year = {2004},
    author = {Thomas Lumley},
    title = {Analysis of Complex Survey Samples},
    journal = {Journal of Statistical Software},
    volume = {9},
    number = {1},
    pages = {1-19},
    note = {R package verson 2.2},
  }
  
  @article{robins1995semiparametric,
  title={Semiparametric efficiency in multivariate regression models with missing data},
  author={Robins, James M and Rotnitzky, Andrea},
  journal={Journal of the American Statistical Association},
  volume={90},
  number={429},
  pages={122--129},
  year={1995},
  publisher={Taylor \& Francis Group}
}

@article{heckman1997matching,
  title={Matching as an econometric evaluation estimator: Evidence from evaluating a job training programme},
  author={Heckman, James J and Ichimura, Hidehiko and Todd, Petra E},
  journal={The review of economic studies},
  volume={64},
  number={4},
  pages={605--654},
  year={1997},
  publisher={Oxford University Press}
}

@article{carpenter1977matching,
  title={Matching when covariables are normally distributed},
  author={Carpenter, RG},
  journal={Biometrika},
  pages={299--307},
  year={1977},
  publisher={JSTOR},
  volume={64},
  number={2}
}

@article{glazerman2003nonexperimental,
  title={Nonexperimental versus experimental estimates of earnings impacts},
  author={Glazerman, Steven and Levy, Dan M and Myers, David},
  journal={The Annals of the American Academy of Political and Social Science},
  volume={589},
  number={1},
  pages={63--93},
  year={2003},
  publisher={Sage Publications}
}

@misc{nhanes,
    author = {Centers for Disease Control and Prevention (CDC). National Center for Health Statistics (NCHS)},
    title = {National Health and Nutrition Examination Survey Data. },
    howpublished = {\url{http://doi.org/10.3886/ICPSR28023.v1http://doi.org/10.3886/ICPSR28023.v1}},
    year={2011},
}

@article{seaman2012combining,
  title={Combining multiple imputation and inverse-probability weighting},
  author={Seaman, Shaun R and White, Ian R and Copas, Andrew J and Li, Leah},
  journal={Biometrics},
  volume={68},
  number={1},
  pages={129--137},
  year={2012},
  publisher={Wiley Online Library}
}

@article{Mitra2016,
author = {Mitra, Robin and Reiter, Jerome P.},
journal = {Statistical Methods in Medical Research},
pages = {188-204},
pmid = {22687877},
title = {{A comparison of two methods of estimating propensity scores after multiple imputation.}},
year = {2016},
volume={25},
number={1}
}
